@electronic{dasgupta2011,
  title={{Two faces of active learning}},
  author={{Dasgupta, S.}},
  year={2011},
  howpublished={\url{http://cseweb.ucsd.edu/~dasgupta/papers/twoface.pdf}},
}

@article{efron1986,
  title={{Why Isn't Everyone a Bayesian?}},
  author={Efron, B.},
  journal={The American Statistician},
  pages={1--5},
  month={February},
  year={1986},
  publisher={American Statistical Association}
}

@article{federico2016,
  title={{Evaluation of two interaction techniques for visualization of dynamic graphs}},
  author={Federico, P. and Oldford, W.},
  journal={arXiv preprint arXiv:1608.08936},
  pages={1--15},
  month={August},
  year={2016},
  publisher={}
}

@article{hofert2016,
  title={{Visualizing Dependence in High-Dimensional Data: An Application to S\&P 500 Constituent Data}},
  author={Hofert, M. and Oldford, W.},
  journal={arXiv preprint arXiv:1609.09429},
  pages={1--33},
  month={September},
  year={2016},
  publisher={}
}

@article{little2013,
  title={{In Praise of Simplicity not Mathematistry! Ten Simple Powerful Ideas for the Statistical Scientist}},
  author={Little, R. J.},
  journal={Journal of the American Statistical Association},
  pages={359--369},
  month={July},
  year={2013},
  publisher={American Statistical Association}
}

@article{liuh2016,
  title={{A semiparametric graphical modelling approach for large-scale equity selection}},
  author={Liu, H. and Mulvey, J. and Zhao, T.},
  journal={Quantitative Finance},
  pages={1053--1067},
  month={},
  year={2016},
  publisher={Taylor \& Francis Group}
}

@article{lius2016,
  title={{Visualizing high-dimensional data: Advances in the past decade}},
  author={Liu, S. and Maljovec, D. and Wang, B. and Bremer, P. T. and Pascucci, V.},
  journal={IEEE Transactions on Visualization and Computer Graphics},
  pages={1249--1268},
  month={December},
  year={2016},
  publisher={IEEE}
}

@article{wickham2010,
  title={{Graphical inference for infovis}},
  author={Wickham, H. and Cook, D. and Hofmann, H. and Buja, A.},
  journal={IEEE Transactions on Visualization and Computer Graphics},
  pages={973--979},
  month={December},
  year={2010},
  publisher={IEEE}
}

@electronic{tao2014,
  title={{When is correlation transitive?}},
  author={{Tao, T.}},
  year={2014},
  howpublished={\url{https://terrytao.wordpress.com/2014/06/05/when-is-correlation-transitive/}},
}

@article{santos2013,
  title={{A comparative study of statistical methods used to identify dependencies between gene expression signals}},
  author={Santos, S. and Takahashi, D. Y. and Nakata, A. and Fujita, A.},
  journal={Briefings in Bioinformatics},
  pages={1--13},
  month={August},
  year={2013},
  publisher={Oxford University Press}
}

@article{szekely2007,
  title={{Measuring and testing independence by correlation of distances}},
  author={Szekely, G. and Rizzo, M. and Bakirov, N.},
  journal={The Annals of Statistics},
  pages={2769--2794},
  month={March},
  year={2007},
  publisher={Institute of Mathematical Statistics}
}

@electronic{settles2010,
  title={{Active Learning Literature Survey}},
  author={{Settles, B.}},
  year={2010},
  howpublished={\url{http://burrsettles.com/pub/settles.activelearning.pdf}},
}

@article{lewis1994,
  title={{A sequential algorithm for training text classifiers}},
  author={Lewis, D. and Gale, W.},
  journal={Proceedings of the ACM SIGIR Conference on Research and Development in Information Retrieval},
  pages={3--12},
  month={},
  year={1994},
  publisher={ACM/Springer}
}

@article{mccallum1998,
  title={{Employing EM in pool-based active learning for text classification}},
  author={McCallum, A. and Nigam, K.},
  journal={Proceedings of the International Conference on Machine Learning},
  pages={359--367},
  month={},
  year={1998},
  publisher={Morgan Kaufmann}
}

@article{dagan1995,
  title={{Committee-based sampling for training probabilistic classifiers}},
  author={Dagan, I. and Engelson, S.},
  journal={Proceedings of the International Conference on Machine Learning},
  pages={150--157},
  month={},
  year={1995},
  publisher={Morgan Kaufmann}
}

@article{vu2010,
  title={{Active Learning for Semi-Supervised K-Means Clustering}},
  author={Vu, V. and Labroche, N. and Bouchon-Meunier, B.},
  journal={Tools with Artificial Intelligence (ICTAI), 2010 22nd IEEE International Conference on},
  pages={12--15},
  month={October},
  year={2010},
  publisher={IEEE}
}

@electronic{buja2016,
  title={{A Visualization Tool for Mining Large Correlation Tables: The Association Navigator}},
  author={Buja, A. and Krieger, A. and George, E.},
  year={2016},
  howpublished={\url{http://stat.wharton.upenn.edu/~buja/PAPERS/Buja-et-al-Association-Navigator.pdf}},
}

@misc{ramhiser2015,
  author = {Ramey, J.},
  title = {Active Learning in R},
  year = {2015},
  publisher = {GitHub},
  journal = {GitHub repository},
  howpublished = {\url{https://github.com/ramhiser/activelearning}},
  commit = {c27be80fb2650174264d01aa81fa9f6294219eb2},
  note = {Github repository}
}

@misc{lin2017,
  author = {Lin, K.},
  title = {EDA for graphical models},
  year = {2017},
  publisher = {GitHub},
  journal = {GitHub repository},
  howpublished = {\url{https://github.com/linnylin92/graphicalModelEDA/tree/kevin}},
  commit = {da85865c8333969af46f7de343f8feb85e611a81},
  note = {Github repository}
}


@misc{oconnor2008,
  author = {O'Connor, B.},
  title = {{load the MNIST data set in R}},
  year = {2008},
  publisher = {GitHub},
  journal = {GitHub repository},
  howpublished = {\url{https://gist.github.com/brendano/39760}},
  note = {Github repository}
}

@article{abe1998,
  title={{Query learning strategies using boosting and bagging}},
  author={Abe, N. and Mamitsuka, H.},
  journal={Proceedings of the International Conference on Machine Learning (ICML)},
  pages={1--9},
  month={},
  year={1998},
  publisher={Morgan Kaufmann}
}

@article{zhou2016,
  title={{Interpreting Models via Single Tree Approximation}},
  author={Zhou, Y. and Hooker, G.},
  journal={arXiv prepint arXiv:1610.09036v1},
  pages={1--15},
  month={October},
  year={2016},
  publisher={}
}

@misc{cutler2010,
  author = {Cutler, A.},
  title = {Random Forests for Regression and Classification},
  year = {2010},
  publisher = {Utah State University},
  journal = {Powerpoint slides},
  howpublished = {\url{http://www.math.usu.edu/adele/RandomForests/Ovronnaz.pdf}},
}

@article{vishwanathan2010,
  title={{Graph Kernels}},
  author={Vishwanathan, S. V. N. and Schraudolph, N. N. and Kondor, R. and Borgwardt, K. M.},
  journal={Journal of Machine Learning Research},
  pages={1201--1242},
  month={April},
  year={2010},
  publisher={JMLR, Inc. and Microtome Publishing}
}

@article{chai2004,
  title={{Test-cost sentistive naive Bayes classification}},
  author={Chai, X. and Deng, L. and Yang, Q. and Ling, C. X.},
  journal={Proceedings of the IEEE Conference on Data Mining},
  pages={51--55},
  month={},
  year={2004},
  publisher={IEEE}
}

@article{tong2001,
  title={{Support Vector Machine Active Learning with Applications to Text Classification}},
  author={Tong, S. and Koller, D.},
  journal={Journal of Machine Learning Research},
  pages={45--66},
  month={November},
  year={2001},
  publisher={JMLR, Inc. and Microtome Publishing}
}

@article{boulesteix2006,
  title={{Partial least squares: a versatile tool for the analysis of high-dimensional genomic data}},
  author={Boulesteix, A. and Strimmer, K.},
  journal={Briefings in Bioinformatics},
  pages={32--44},
  month={May},
  year={2006},
  publisher={Oxford University Press}
}

@electronic{igraph,
  title={{R igraph manual pages}},
  year={Last updated 2015},
  howpublished={\url{http://igraph.org/r/doc/}},
}

@article{newman2002,
  title={{Assortative mixing in networks}},
  author={Newman, M. E. J.},
  journal={Physical Review Letters},
  pages={1--5},
  month={October},
  year={2002},
  publisher={American Physical Society}
}

@article{seghouane2007,
  title={{The AIC Criterion and Symmetrizing the Kullbackâ€“Leibler Divergence}},
  author={Seghouane, A. and Amari, S.},
  journal={IEEE Transactions on Neural Networks},
  pages={97--106},
  month={January},
  year={2007},
  publisher={IEEE}
}

%%%%%%%%%%%%%%%%%%%%%%%%%%%%%%
% Other example citations. These are not referenced in the document and therefore are not included in the bibliography

@electronic{dierks2008tls,
  title={{The Transport Layer Security (TLS) Protocol, Version 1.2}},
  author={Dierks, T. and Rescorla, E.},
  institution={RFC 5246},
  month={August},
  year={2008},
  howpublished={\url{http://tools.ietf.org/html/rfc5246}}
}


% Most papers can be cited as "inproceedings" or "conference"
@INPROCEEDINGS{Dwoskin2007,
  author = {Jeffrey S Dwoskin and Ruby B. Lee},
  title = {{Hardware-rooted Trust for Secure Key Management and Transient Trust}},
  booktitle = {{Proceedings of the 14th ACM Conference on Computer and Communications Security (CCS 2007)}},
  year = {2007},
  pages = {389-400},
  address = {Alexandria, VA},
  month = {October},
}

@conference{McGregor2003,
  title={{A Processor Architecture Defense Against Buffer Overflow Attacks}},
  author={McGregor, J.P. and Karig, D.K. and Shi, Z. and Lee, R.B.},
  booktitle={Proceedings of the IEEE International Conference on Information Technology: Research and Education (ITRE 2003)},
  pages={243--250},
  year={2003},
}

% Articles within a journal or another publication use "article"
@article{lee2003enlisting,
  title={{Enlisting hardware architecture to thwart malicious code injection}},
  author={Lee, R. and Karig, D. and McGregor, J.P. and Shi, Z.},
  journal={Security in Pervasive Computing, LNCS 2802},
  pages={237--252},
  month={March},
  year={2003},
  publisher={Springer}
}

% books
@book{anderson2008se,
  title={{Security Engineering: A guide to building dependable distributed systems}},
  author={Anderson, R.J.},
  year={2008},
  publisher={Wiley}
}

% or a chapter within a book
@inbook{walters2007wireless,
  title={{Wireless sensor network security: A survey}},
  author={Walters, J.P. and Liang, Z. and Shi, W. and Chaudhary, V.},
  series={Security in Distributed, Grid, Mobile, and Pervasive Computing},
  chapter={17},
  pages={367},
  year={2007},
  publisher={Auerbach Publications}
}

% Published or unpublished technical reports can be cited
@techreport{Dwoskin2008SPRef,
  title={{SP Processor Architecture Reference Manual}},
  author={Jeffrey S. Dwoskin and Ruby B. Lee},
  institution={Princeton University Department of Electrical Engineering Technical Report CE-L2008-008},
  month={August},
  year={2008}
}

% There are special types for masters and phd theses
@mastersthesis{cotsdust,
    author={Seth Hollar},
    title={{COTS Dust}},
    school={UC Berkeley},
    year={2000},
    month={December},
    note={\url{http://siliconrobot.com/macro_motes/macromotes.html}},
    url={http://siliconrobot.com/macro_motes/macromotes.html},
}

@phdthesis{hill2003saw,
  title={{System architecture for wireless sensor networks}},
  author={Hill, J.L.},
  year={2003},
  school={University of California}
}
